<record><leader>00000cas a22000007a 4500</leader><controlfield tag="001">9435598</controlfield><controlfield tag="008">830421d18441848nyuwr ne      0    0eng d</controlfield><datafield ind1=" " ind2=" " tag="010"><subfield code="a">sn 83030290 </subfield></datafield><datafield ind1=" " ind2=" " tag="040"><subfield code="a">NPU</subfield><subfield code="b">eng</subfield><subfield code="c">NPU</subfield><subfield code="d">NPX</subfield><subfield code="d">NPA</subfield><subfield code="d">PPM</subfield><subfield code="d">NYS</subfield><subfield code="d">OCL</subfield><subfield code="d">KRTAS</subfield><subfield code="d">OCLCF</subfield><subfield code="d">OCLCO</subfield></datafield><datafield ind1=" " ind2=" " tag="042"><subfield code="a">msc</subfield></datafield><datafield ind1="0" ind2="0" tag="245"><subfield code="a">Saturday emporium.</subfield></datafield><datafield ind1="0" ind2="7" tag="246"><subfield code="a">New York Saturday emporium : A family gazette of literature, art, science, agriculture, general intelligence and amusement</subfield></datafield><datafield ind1=" " ind2=" " tag="260"><subfield code="a">New York [N.Y.] :</subfield><subfield code="b">Ward &amp; Co.,</subfield><subfield code="c">1844-</subfield></datafield><datafield ind1=" " ind2=" " tag="300"><subfield code="a">v. :</subfield><subfield code="b">ill., ports. ;</subfield><subfield code="c">76 cm.</subfield></datafield><datafield ind1=" " ind2=" " tag="310"><subfield code="a">Weekly</subfield></datafield><datafield ind1="0" ind2=" " tag="362"><subfield code="a">Vol. 1, no. 1 (June 29, 1844)-</subfield></datafield><datafield ind1="1" ind2=" " tag="362"><subfield code="a">Ceased in 1848.</subfield><subfield code="z">Cf. New World (New York, N.Y. : 1847), Feb. 19, 1848.</subfield></datafield><datafield ind1=" " ind2=" " tag="500"><subfield code="a">Editors: Edmund B. Green, 1844-&lt;1847&gt;; Ward &amp; Co., &lt;1846&gt;.</subfield></datafield><datafield ind1=" " ind2=" " tag="580"><subfield code="a">"The subscriber [Edmund B. Green] ... has transferred the entire subscription list, and title-right of the Saturday emporium to the proprietors of the New World ... " Cf. New World (New York, N.Y. : 1847), Feb. 19, 1848.</subfield></datafield><datafield ind1=" " ind2="0" tag="651"><subfield code="a">New York (N.Y.)</subfield><subfield code="v">Newspapers.</subfield></datafield><datafield ind1=" " ind2="7" tag="655"><subfield code="a">Newspapers.</subfield><subfield code="2">fast</subfield><subfield code="0">(OCoLC)fst01423814</subfield></datafield><datafield ind1=" " ind2="7" tag="651"><subfield code="a">New York (State)</subfield><subfield code="z">New York.</subfield><subfield code="2">fast</subfield><subfield code="0">(OCoLC)fst01204333</subfield></datafield><datafield ind1=" " ind2=" " tag="752"><subfield code="a">United States</subfield><subfield code="b">New York</subfield><subfield code="c">New York</subfield><subfield code="d">New York.</subfield></datafield><datafield ind1="0" ind2="5" tag="780"><subfield code="t">New World (New York, N.Y. : 1840)</subfield><subfield code="g">1845</subfield><subfield code="w">(OCoLC)1760006</subfield></datafield><datafield ind1="0" ind2="5" tag="780"><subfield code="t">New World (New York, N.Y. : 1839)</subfield><subfield code="g">1845</subfield><subfield code="w">(DLC)sn 83030635</subfield></datafield><datafield ind1=" " ind2=" " tag="938"><subfield code="a">Kirtas Technologies, Inc.</subfield><subfield code="b">KRTS</subfield><subfield code="n">736538</subfield></datafield></record>